@inproceedings{KoBrHuRe2010-SCC-Towards,
  author = {Samuel Kounev and Fabian Brosig and Nikolaus Huber and Ralf Reussner},
  booktitle = {Proceedings of the 7th IEEE International Conference on Services Computing (SCC 2010), July 5-10, Miami, Florida, USA},
  day = {5--10},
  location = {Miami, Florida, USA},
  month = {July},
  pdf = {http://sdqweb.ipd.kit.edu/publications/descartes-pdfs/KoBrHuRe2010-SCC-Towards.pdf},
  publisher = {IEEE Computer Society},
  title = {{Towards self-aware performance and resource management in modern service-oriented systems}},
  year = {2010}
}

@book{Lazowska_Zahorjan_Graham_Sevcik_1984, 
place={Upper Saddle River, NJ, USA}, 
title={Quantitative system performance: computer system analysis using queueing network models}, 
ISBN={0-13-746975-6}, 
publisher={Prentice-Hall, Inc.},
author={Lazowska, Edward D and Zahorjan, John and Graham, G Scott and Sevcik, Kenneth C},
year={1984}}

@misc{DML_report_2014,
author={Kounev, Samuel and Brosig Fabian and Huber Nikolaus},
title={Descartes Meta-Model (DMM)}
institution={Karlsruhe Institute of Technology (KIT)},
year={2014}}

rticle{becker2008a,
  author = {Steffen Becker and Heiko Koziolek and Ralf Reussner},
  doi = {10.1016/j.jss.2008.03.066},
  journal = {Journal of Systems and Software},
  pages = {3--22},
  publisher = {Elsevier Science Inc.},
  title = {{T}he {P}alladio component model for model-driven performance prediction},
  url = {http://dx.doi.org/10.1016/j.jss.2008.03.066},
  volume = {82},
  year = {2009}}
@inproceedings{Rolia_Vetland_1995, 
  title={Parameter estimation for performance models of distributed application systems},
  booktitle={Proc. of the 1995 conf. of the Centre for Advanced Studies on Collaborative research},
  publisher={IBM Press},
  author={Rolia, J. and Vetland, V.},
  year={1995},
  pages={54}
}
@inproceedings{Wang_Huang_Qin_Zhang_Wei_Zhong_2012,
  title={Application-Level CPU Consumption Estimation: Towards Performance Isolation of Multi-tenancy Web Applications},
  DOI={10.1109/CLOUD.2012.81},
  booktitle={2012 IEEE 5th Intl. Conf. on Cloud Computing}, 
  author={Wang, W. and Huang, X. and Qin, X. and Zhang, W. and Wei, J. and Zhong, H.},
  year={2012},
  month={Jun}, 
  pages={439--446}  
}

@article{Zheng_Woodside_Litoiu_2008, 
  title={Performance Model Estimation and Tracking Using Optimal Filters}, 
  volume={34}, 
  ISSN={0098-5589}, 
  DOI={10.1109/TSE.2008.30}, 
  number={3}, 
  journal={IEEE Trans. on Soft. Eng.}, 
  author={Zheng, T. and Woodside, M. and Litoiu, M.}, 
  year={2008}, 
  pages={391--406}
}

@inproceedings{Menasce_2008,
  title={Computing missing service demand parameters for performance models},
  booktitle={Proc. of the 2008 Computer Measurement Group (CMG) Conference},
  author={Menasc\'{e}, D.},
  year={2008},
  pages={241--248}
}

@article{Liu_Wynter_Xia_Zhang_2006,
  title={Parameter inference of queueing models for IT systems using end-to-end measurements},
  volume={63},
  ISSN={0166-5316},
  DOI={DOI: 10.1016/j.peva.2004.12.001},
  number={1},
  journal={Perf. Eval.},
  author={Liu, Z. and Wynter, L. and Xia, C. and Zhang, F.},
  year={2006},
  pages={36--60}
}

@inproceedings{Brosig_Huber_Kounev_2011,
  place={Oread, Lawrence, Kansas},
  title={Automated Extraction of Architecture-Level Performance Models of Distributed Component-Based Systems},
  booktitle={26th IEEE/ACM Intl. Conf. On Automated Software Engineering},
  author={Brosig, F. and Huber, N. and Kounev, S.},
  year={2011},
  month={Nov}
}

@article{becker2008a,
author = {Becker, S. and Koziolek, H. and Reussner, R.},
title = {The Palladio component model for model-driven performance prediction},
journal = {Journal of Systems and Software},
volume = {82},
pages = {3-22},
month = {Jan},
year = {2009},
}

@mastersthesis{Spinner2011a,
title = {Evaluating Approaches to Resource Demand estimation},
year = {2011},
month = {7},
pdf = {http://sdqweb.ipd.kit.edu/publications/pdfs/Spinner2011a.pdf},
address = {Am Fasanengarten 5, 76131 Karlsruhe, Germany},
school = {Karlsruhe Institute of Technology (KIT)},
author = {Spinner, Simon}
}

@article{ipopt2006,
year={2006},
issn={0025-5610},
journal={Mathematical Programming},
volume={106},
number={1},
doi={10.1007/s10107-004-0559-y},
title={On the implementation of an interior-point filter line-search algorithm for large-scale nonlinear programming},
url={http://dx.doi.org/10.1007/s10107-004-0559-y},
publisher={Springer-Verlag},
keywords={Nonlinear programming; Nonconvex constrained optimization; Filter method; Line search; Interior-point method; Barrier method; 49M37; 65K05; 90C30; 90C51},
author={W\"achter, Andreas and Biegler, Lorenz T.},
pages={25-57},
language={English}
}

@InProceedings{Kraft2009,
    author    = {Kraft, Stephan and Pacheco-Sanchez, Sergio and Casale, Giuliano and Dawson, Stephen},
    title     = {{Estimating service resource consumption from response time measurements}},
    booktitle = {VALUETOOLS '09},
    year      = {2009},
    pages     = {1--10},
    file      = {:kraft09.pdf:PDF},
    location  = {Pisa, Italy},
}

@Article{Liu2006,
    author   = {Zhen Liu and Laura Wynter and Cathy H. Xia and Fan Zhang},
    title    = {{Parameter inference of queueing models for IT systems using end-to-end measurements}},
    journal  = {Perform. Evaluation},
    year     = {2006},
    volume   = {63},
    number   = {1},
    pages    = {36--60},
    file     = {:liu06.pdf:PDF},
    keywords = {Parameter inference},
}

